% Encoding: UTF-8@Book{MongoDb,  title  = {System Properties Comparison Couchbase vs. MongoDB},  author = {Mongodb},  url    = {https://db-engines.com/en/system/Couchbase\%3BMongoDB},}@book{Nosql,  title = {NoSQL DEFINITION: Next Generation Databases mostly addressing some of the points: being non-relational, distributed, open-source and horizontally scalable},  url = {http://nosql-database.org/},}@Book{AamzonNosql,  title  = {Amazon DynamoDB – A Fast and Scalable NoSQL Database Service Designed for Internet Scale Applications},  year   = {2012},  author = {Werner Vogels},  url    = {https://www.allthingsdistributed.com/2012/01/amazon-dynamodb.html},}@article{reshef2011detecting,  title={Detecting novel associations in large data sets},  author={Reshef, David N and Reshef, Yakir A and Finucane, Hilary K and Grossman, Sharon R and McVean, Gilean and Turnbaugh, Peter J and Lander, Eric S and Mitzenmacher, Michael and Sabeti, Pardis C},  journal={science},  volume={334},  number={6062},  pages={1518--1524},  year={2011},  publisher={American Association for the Advancement of Science}}@article{hockett1953mathematical,  title={The mathematical theory of communication},  author={Hockett, Charles F},  year={1953},  publisher={JSTOR}}@article{shannon1951mathematical,  title={The mathematical theory of communication},  author={Shannon, Claude E and Weaver, Warren and Burks, Arthur W},  year={1951}}@article{liu2012sentiment,  title={Sentiment analysis and opinion mining},  author={Liu, Bing},  journal={Synthesis lectures on human language technologies},  volume={5},  number={1},  pages={1--167},  year={2012},  publisher={Morgan \& Claypool Publishers}}@article{bai2011predicting,  title={Predicting consumer sentiments from online text},  author={Bai, Xue},  journal={Decision Support Systems},  volume={50},  number={4},  pages={732--742},  year={2011},  publisher={Elsevier}}@article{bollen2011twitter,  title={Twitter mood predicts the stock market},  author={Bollen, Johan and Mao, Huina and Zeng, Xiaojun},  journal={Journal of computational science},  volume={2},  number={1},  pages={1--8},  year={2011},  publisher={Elsevier}}@article{anderson2014local,  title={Local consumer review survey 2014},  author={Anderson, Myles},  journal={BrightLocal Blog. Availalbe at: http://www. brightlocal. com/2014/07/01/local-consumer-review-survey-2014},  year={2014}}@article{chong2016predicting,  title={Predicting online product sales via online reviews, sentiments, and promotion strategies: A big data architecture and neural network approach},  author={Chong, Alain Yee Loong and Li, Boying and Ngai, Eric WT and Ch'ng, Eugene and Lee, Filbert},  journal={International Journal of Operations \& Production Management},  volume={36},  number={4},  pages={358--383},  year={2016},  publisher={Emerald Group Publishing Limited}}@article{duan2016exploring,  title={Exploring the impact of social media on hotel service performance: A sentimental analysis approach},  author={Duan, Wenjing and Yu, Yang and Cao, Qing and Levy, Stuart},  journal={Cornell Hospitality Quarterly},  volume={57},  number={3},  pages={282--296},  year={2016},  publisher={Sage Publications Sage CA: Los Angeles, CA}}@article{erkan2016influence,  title={The influence of eWOM in social media on consumers’ purchase intentions: An extended approach to information adoption},  author={Erkan, Ismail and Evans, Chris},  journal={Computers in Human Behavior},  volume={61},  pages={47--55},  year={2016},  publisher={Elsevier}}@article{hu2014ratings,  title={Ratings lead you to the product, reviews help you clinch it? The mediating role of online review sentiments on product sales},  author={Hu, Nan and Koh, Noi Sian and Reddy, Srinivas K},  journal={Decision support systems},  volume={57},  pages={42--53},  year={2014},  publisher={Elsevier}}@article{kalyani2016stock,  title={Stock trend prediction using news sentiment analysis},  author={Kalyani, Joshi and Bharathi, Prof and Jyothi, Prof and others},  journal={arXiv preprint arXiv:1607.01958},  year={2016}}@article{lima2016using,  title={Using sentiment analysis for stock exchange prediction},  author={Lima, Milson L and Nascimento, Thiago P and Labidi, Sofiane and Timb{\'o}, Nadson S and Batista, Marcos VL and Neto, Gilberto N and Sousa, SRS},  journal={International Journal of Artificial Intelligence \& Applications},  volume={7},  number={1},  pages={59--67},  year={2016}}@inproceedings{nigam1999using,  title={Using maximum entropy for text classification},  author={Nigam, Kamal and Lafferty, John and McCallum, Andrew},  booktitle={IJCAI-99 workshop on machine learning for information filtering},  volume={1},  pages={61--67},  year={1999}}@article{pang2008opinion,  title={Opinion mining and sentiment analysis},  author={Pang, Bo and Lee, Lillian and others},  journal={Foundations and Trends{\textregistered} in Information Retrieval},  volume={2},  number={1--2},  pages={1--135},  year={2008},  publisher={Now Publishers, Inc.}}@inproceedings{pang2002thumbs,  title={Thumbs up?: sentiment classification using machine learning techniques},  author={Pang, Bo and Lee, Lillian and Vaithyanathan, Shivakumar},  booktitle={Proceedings of the ACL-02 conference on Empirical methods in natural language processing-Volume 10},  pages={79--86},  year={2002},  organization={Association for Computational Linguistics}}@article{zhang2011predicting,  title={Predicting stock market indicators through twitter “I hope it is not as bad as I fear”},  author={Zhang, Xue and Fuehres, Hauke and Gloor, Peter A},  journal={Procedia-Social and Behavioral Sciences},  volume={26},  pages={55--62},  year={2011},  publisher={Elsevier}}@article{philander2016twitter,  title={Twitter sentiment analysis: capturing sentiment from integrated resort tweets.},  author={Philander, Kahlil and Zhong, YunYing and others},  journal={International Journal of Hospitality Management},  volume={55},  pages={16--24},  year={2016},  publisher={Elsevier Ltd}}@article{park2015asymmetric,  title={Asymmetric effects of online consumer reviews},  author={Park, Sangwon and Nicolau, Juan L},  journal={Annals of Tourism Research},  volume={50},  pages={67--83},  year={2015},  publisher={Elsevier}}@article{chiu2015opinion,  title={Opinion mining of hotel customer-generated contents in Chinese weblogs},  author={Chiu, Chaochang and Chiu, Nan-Hsing and Sung, Re-Jiau and Hsieh, Pei-Yu},  journal={Current Issues in Tourism},  volume={18},  number={5},  pages={477--495},  year={2015},  publisher={Taylor \& Francis}}@article{capriello2013farm,  title={Farm tourism experiences in travel reviews: A cross-comparison of three alternative methods for data analysis},  author={Capriello, Antonella and Mason, Peyton R and Davis, Boyd and Crotts, John C},  journal={Journal of Business Research},  volume={66},  number={6},  pages={778--785},  year={2013},  publisher={Elsevier}}@book{miner2012practical,  title={Practical text mining and statistical analysis for non-structured text data applications},  author={Miner, Gary and Elder IV, John and Hill, Thomas},  year={2012},  publisher={Academic Press}}@book{gibbs2008analysing,  title={Analysing qualitative data},  author={Gibbs, Graham R},  year={2008},  publisher={Sage}}@article{taboada2011lexicon,  title={Lexicon-based methods for sentiment analysis},  author={Taboada, Maite and Brooke, Julian and Tofiloski, Milan and Voll, Kimberly and Stede, Manfred},  journal={Computational linguistics},  volume={37},  number={2},  pages={267--307},  year={2011},  publisher={MIT Press}}@inproceedings{abdulla2013arabic,  title={Arabic sentiment analysis: Lexicon-based and corpus-based},  author={Abdulla, Nawaf A and Ahmed, Nizar A and Shehab, Mohammed A and Al-Ayyoub, Mahmoud},  booktitle={Applied Electrical Engineering and Computing Technologies (AEECT), 2013 IEEE Jordan Conference on},  pages={1--6},  year={2013},  organization={IEEE}}@article{sparks2011impact,  title={The impact of online reviews on hotel booking intentions and perception of trust},  author={Sparks, Beverley A and Browning, Victoria},  journal={Tourism management},  volume={32},  number={6},  pages={1310--1323},  year={2011},  publisher={Elsevier}}@inproceedings{mcdonald2007structured,  title={Structured models for fine-to-coarse sentiment analysis},  author={McDonald, Ryan and Hannan, Kerry and Neylon, Tyler and Wells, Mike and Reynar, Jeff},  booktitle={Proceedings of the 45th annual meeting of the association of computational linguistics},  pages={432--439},  year={2007}}@article{moe2011value,  title={The value of social dynamics in online product ratings forums},  author={Moe, Wendy W and Trusov, Michael},  journal={Journal of Marketing Research},  volume={48},  number={3},  pages={444--456},  year={2011},  publisher={American Marketing Association}}@article{wang2012social,  title={Social media peer communication and impacts on purchase intentions: A consumer socialization framework},  author={Wang, Xia and Yu, Chunling and Wei, Yujie},  journal={Journal of interactive marketing},  volume={26},  number={4},  pages={198--208},  year={2012},  publisher={Elsevier}}@article{doshi2010predicting,  title={Predicting movie prices through dynamic social network analysis},  author={Doshi, Lyric and Krauss, Jonas and Nann, Stefan and Gloor, Peter},  journal={Procedia-Social and Behavioral Sciences},  volume={2},  number={4},  pages={6423--6433},  year={2010},  publisher={Elsevier}}@article{liu2016predicting,  title={Predicting movie Box-office revenues by exploiting large-scale social media content},  author={Liu, Ting and Ding, Xiao and Chen, Yiheng and Chen, Haochen and Guo, Maosheng},  journal={Multimedia Tools and Applications},  volume={75},  number={3},  pages={1509--1528},  year={2016},  publisher={Springer}}@article{schneider2016forecasting,  title={Forecasting sales of new and existing products using consumer reviews: A random projections approach},  author={Schneider, Matthew J and Gupta, Sachin},  journal={International Journal of Forecasting},  volume={32},  number={2},  pages={243--256},  year={2016},  publisher={Elsevier}}@article{nguyen2015sentiment,  title={Sentiment analysis on social media for stock movement prediction},  author={Nguyen, Thien Hai and Shirai, Kiyoaki and Velcin, Julien},  journal={Expert Systems with Applications},  volume={42},  number={24},  pages={9603--9611},  year={2015},  publisher={Elsevier}}@article{ladhari2015ewom,  title={eWOM effects on hotel booking intentions, attitudes, trust, and website perceptions},  author={Ladhari, Riadh and Michaud, M{\'e}lissa},  journal={International Journal of Hospitality Management},  volume={46},  pages={36--45},  year={2015},  publisher={Elsevier}}@article{huang2008stock,  title={Stock prediction using Web news articles},  author={Huang, Ting-Hao and Li, Zhang-Ye},  journal={Technical Report},  year={2008}}@article{sebastiani2002machine,  title={Machine learning in automated text categorization},  author={Sebastiani, Fabrizio},  journal={ACM computing surveys (CSUR)},  volume={34},  number={1},  pages={1--47},  year={2002},  publisher={ACM}}@article{刘超2006投资者情绪和上证综指关系的实证研究,  title={投资者情绪和上证综指关系的实证研究},  author={刘超 and 韩泽县},  journal={北京理工大学学报(社会科学版)},  volume={8},  number={2},  pages={57-60},  year={2006},}@article{施荣盛2012投资者关注与分析师评级漂移——来自中国股票市场的证据,  title={投资者关注与分析师评级漂移——来自中国股票市场的证据},  author={施荣盛},  journal={投资研究},  number={6},  pages={133-145},  year={2012},}@Comment{jabref-meta: databaseType:bibtex;}